@book{Griffiths:1492149,
      author        = "Griffiths, David J",
      title         = "{Introduction to electrodynamics; 4th ed.}",
      publisher     = "Pearson",
      address       = "Boston, MA",
      year          = "2013",
      url           = "https://cds.cern.ch/record/1492149",
      note          = "Re-published by Cambridge University Press in 2017",
      doi           = "1108420419",
}