@book{Pozar:882338,
      author        = "Pozar, David M",
      title         = "{Microwave engineering; 3rd ed.}",
      publisher     = "Wiley",
      address       = "Hoboken, NJ",
      year          = "2005",
      url           = "https://cds.cern.ch/record/882338",
}